<record><leader>00000cas a22000007a 4500</leader><controlfield tag="001">10249174</controlfield><controlfield tag="008">831223d19471964ohuwr ne      0    0eng d</controlfield><datafield ind1=" " ind2=" " tag="010"><subfield code="a">sn 83035686 </subfield></datafield><datafield ind1=" " ind2=" " tag="040"><subfield code="a">NPY</subfield><subfield code="b">eng</subfield><subfield code="c">NPY</subfield><subfield code="d">OCLCQ</subfield></datafield><datafield ind1=" " ind2=" " tag="042"><subfield code="a">msc</subfield></datafield><datafield ind1="0" ind2="0" tag="245"><subfield code="a">Fairview herald.</subfield></datafield><datafield ind1=" " ind2=" " tag="260"><subfield code="a">[Fairview Park], Ohio :</subfield><subfield code="b">Emil Uschelbec,</subfield><subfield code="c">1947-</subfield></datafield><datafield ind1=" " ind2=" " tag="300"><subfield code="a">v. :</subfield><subfield code="b">ill.</subfield></datafield><datafield ind1=" " ind2=" " tag="310"><subfield code="a">Weekly</subfield></datafield><datafield ind1="0" ind2=" " tag="362"><subfield code="a">Vol. 1, no. 1 (Feb. 27, 1947)-</subfield></datafield><datafield ind1="1" ind2=" " tag="362"><subfield code="a">Ceased in 1964.</subfield></datafield><datafield ind1=" " ind2=" " tag="500"><subfield code="a">Published on Thursday.</subfield></datafield><datafield ind1=" " ind2=" " tag="500"><subfield code="a">Editor: Robert H. Montgomery, Sept. 25, 1947-Feb. 23, 1956.</subfield></datafield><datafield ind1=" " ind2=" " tag="521"><subfield code="a">"Serving Fairview Park, N. Olmsted, Parkview, Olmsted Falls, Olmsted Township and Westview."</subfield></datafield><datafield ind1="1" ind2=" " tag="700"><subfield code="a">Uschelbec, Emil M.</subfield></datafield><datafield ind1="1" ind2=" " tag="700"><subfield code="a">Montgomery, Robert M.</subfield></datafield><datafield ind1=" " ind2=" " tag="752"><subfield code="a">United States</subfield><subfield code="b">Ohio</subfield><subfield code="c">Cuyahoga</subfield><subfield code="d">Fairview Park.</subfield></datafield><datafield ind1="1" ind2=" " tag="029"><subfield code="a">AU@</subfield><subfield code="b">000025787457</subfield></datafield></record>